<record><leader>00000cas a2200000 a 4500</leader><controlfield tag="001">9851050</controlfield><controlfield tag="008">830826d18361843ohuwr ne      0    0eng c</controlfield><datafield ind1=" " ind2=" " tag="010"><subfield code="a">sn 83035430 </subfield><subfield code="z">sn 98066075 </subfield></datafield><datafield ind1=" " ind2=" " tag="040"><subfield code="a">NPY</subfield><subfield code="b">eng</subfield><subfield code="c">NPY</subfield><subfield code="d">NPV</subfield><subfield code="d">NPX</subfield><subfield code="d">DLC</subfield><subfield code="d">NPI</subfield><subfield code="d">ONP</subfield><subfield code="d">KNP</subfield><subfield code="d">YOX</subfield><subfield code="d">KNP</subfield><subfield code="d">CNK</subfield><subfield code="d">NVF</subfield><subfield code="d">DLC</subfield><subfield code="d">CRL</subfield><subfield code="d">DLC</subfield><subfield code="d">CRL</subfield><subfield code="d">DLC</subfield><subfield code="d">GUA</subfield><subfield code="d">KRTAS</subfield><subfield code="d">DLC</subfield><subfield code="d">OCLCQ</subfield><subfield code="d">OCLCF</subfield><subfield code="d">OCLCA</subfield></datafield><datafield ind1=" " ind2=" " tag="019"><subfield code="a">22201098</subfield><subfield code="a">823040946</subfield></datafield><datafield ind1="1" ind2=" " tag="029"><subfield code="a">AU@</subfield><subfield code="b">000025783982</subfield></datafield><datafield ind1="1" ind2=" " tag="029"><subfield code="a">AU@</subfield><subfield code="b">000041709398</subfield></datafield><datafield ind1=" " ind2=" " tag="042"><subfield code="a">pcc</subfield></datafield><datafield ind1=" " ind2=" " tag="043"><subfield code="a">n-us-oh</subfield></datafield><datafield ind1="0" ind2="0" tag="050"><subfield code="a">Newspaper 9254</subfield></datafield><datafield ind1="0" ind2=" " tag="130"><subfield code="a">Philanthropist (New Richmond, Ohio)</subfield></datafield><datafield ind1="1" ind2="4" tag="245"><subfield code="a">The philanthropist.</subfield></datafield><datafield ind1=" " ind2=" " tag="260"><subfield code="a">New Richmond, Ohio :</subfield><subfield code="b">J.G. Birney,</subfield><subfield code="c">1836-1843.</subfield></datafield><datafield ind1=" " ind2=" " tag="300"><subfield code="a">8 v. ;</subfield><subfield code="c">58 cm.</subfield></datafield><datafield ind1=" " ind2=" " tag="310"><subfield code="a">Weekly</subfield></datafield><datafield ind1="0" ind2=" " tag="362"><subfield code="a">Vol. 1, no. 1 (Jan. 1, 1836)-v. 2, no. 47 (Jan. 2, 1838) ; n.s., v. 1, no. 1 (Jan. 9, 1838)-n.s., v. 2, no. 52 (Mar. 24, 1840) ; v. 5, no. 1 (Mar. 31, 1840)-v. 8, no. 4 (Oct. 11, 1843).</subfield></datafield><datafield ind1=" " ind2=" " tag="500"><subfield code="a">Published in New Richmond, Ohio, Jan. 1-29, 1836; in Cincinnati, Ohio, Feb. 5, 1836; in New Richmond, Feb. 12-Apr. 8, 1836; in Cincinnati, Apr. 15, 1836-Oct. 11, 1843.</subfield></datafield><datafield ind1=" " ind2=" " tag="500"><subfield code="a">Publishers: James G. Birney, Jan. 1-May 6, 1836; Ohio State Anti-Slavery Society, May 13, 1836-June 29, 1842; William Birney, July 9-16, 1842; Gamaliel Bailey, June 23, 1842-Oct. 11, 1843.</subfield></datafield><datafield ind1=" " ind2=" " tag="500"><subfield code="a">Editors: James G. Birney, Jan. 1836- ; James G. Birney and Gamaliel Bailey, Jr., -1837.</subfield></datafield><datafield ind1=" " ind2=" " tag="500"><subfield code="a">"A repository of facts and arguments on the subject of slavery as connected with emancipation."</subfield></datafield><datafield ind1=" " ind2=" " tag="515"><subfield code="a">Suspended Aug. 6-Sept. 29, 1836.</subfield></datafield><datafield ind1=" " ind2=" " tag="515"><subfield code="a">Issues for Apr. 17, 1837-Oct. 11, 1843 called also: whole no. 60-368.</subfield></datafield><datafield ind1=" " ind2=" " tag="530"><subfield code="a">Also issued on microfilm from UMI as part of the American periodical series, 1800-1850, Center for Research Libraries, the Library of Congress Photoduplication Service, and, Readex (filmed with other items); also available online.</subfield></datafield><datafield ind1=" " ind2=" " tag="550"><subfield code="a">Issued by: Ohio Anti-slavery Society, &lt;Aug. 5, 1836&gt;-June 29, 1842.</subfield></datafield><datafield ind1=" " ind2="0" tag="650"><subfield code="a">Abolitionists</subfield><subfield code="z">Ohio</subfield><subfield code="v">Newspapers.</subfield></datafield><datafield ind1=" " ind2="0" tag="651"><subfield code="a">Cincinnati (Ohio)</subfield><subfield code="v">Newspapers.</subfield></datafield><datafield ind1=" " ind2="0" tag="651"><subfield code="a">New Richmond (Ohio)</subfield><subfield code="v">Newspapers.</subfield></datafield><datafield ind1=" " ind2="7" tag="655"><subfield code="a">Newspapers.</subfield><subfield code="2">fast</subfield><subfield code="0">(OCoLC)fst01423814</subfield></datafield><datafield ind1=" " ind2="7" tag="650"><subfield code="a">Abolitionists.</subfield><subfield code="2">fast</subfield><subfield code="0">(OCoLC)fst00794478</subfield></datafield><datafield ind1=" " ind2="7" tag="651"><subfield code="a">Ohio.</subfield><subfield code="2">fast</subfield><subfield code="0">(OCoLC)fst01205075</subfield></datafield><datafield ind1=" " ind2="7" tag="651"><subfield code="a">Ohio</subfield><subfield code="z">Cincinnati.</subfield><subfield code="2">fast</subfield><subfield code="0">(OCoLC)fst01205142</subfield></datafield><datafield ind1=" " ind2="7" tag="651"><subfield code="a">Ohio</subfield><subfield code="z">New Richmond.</subfield><subfield code="2">fast</subfield><subfield code="0">(OCoLC)fst01239269</subfield></datafield><datafield ind1="1" ind2=" " tag="700"><subfield code="a">Birney, James Gillespie,</subfield><subfield code="d">1792-1857.</subfield></datafield><datafield ind1="2" ind2=" " tag="710"><subfield code="a">Ohio Anti-slavery Society.</subfield></datafield><datafield ind1=" " ind2=" " tag="752"><subfield code="a">United States</subfield><subfield code="b">Ohio</subfield><subfield code="c">Hamilton</subfield><subfield code="d">Cincinnati.</subfield></datafield><datafield ind1=" " ind2=" " tag="752"><subfield code="a">United States</subfield><subfield code="b">Ohio</subfield><subfield code="c">Clermont</subfield><subfield code="d">New Richmond.</subfield></datafield><datafield ind1="1" ind2=" " tag="776"><subfield code="t">Philanthropist (New Richmond, Ohio: Online)</subfield><subfield code="w">(DLC)  2008266788</subfield><subfield code="w">(OCoLC)70959235</subfield></datafield><datafield ind1="0" ind2="0" tag="785"><subfield code="t">Cincinnati weekly herald and philanthropist</subfield><subfield code="x">2158-3358</subfield><subfield code="w">(DLC)sn 83035432</subfield><subfield code="w">(OCoLC)9855140</subfield></datafield><datafield ind1="4" ind2="1" tag="856"><subfield code="u">http://proquest.umi.com/pqdweb</subfield></datafield><datafield ind1=" " ind2=" " tag="938"><subfield code="a">Kirtas Technologies, Inc.</subfield><subfield code="b">KRTS</subfield><subfield code="n">740410</subfield></datafield></record>